%YAML 1.1
%TAG !u! tag:unity3d.com,2011:
--- !u!1 &1098321937
GameObject:
  m_ObjectHideFlags: 0
  m_CorrespondingSourceObject: {fileID: 0}
  m_PrefabInstance: {fileID: 0}
  m_PrefabAsset: {fileID: 0}
  serializedVersion: 6
  m_Component:
  - component: {fileID: 1098321938}
  - component: {fileID: 1098321941}
  - component: {fileID: 1098321940}
  - component: {fileID: 1098321939}
  m_Layer: 5
  m_Name: inputzone
  m_TagString: Untagged
  m_Icon: {fileID: 0}
  m_NavMeshLayer: 0
  m_StaticEditorFlags: 0
  m_IsActive: 1
--- !u!224 &1098321938
RectTransform:
  m_ObjectHideFlags: 0
  m_CorrespondingSourceObject: {fileID: 0}
  m_PrefabInstance: {fileID: 0}
  m_PrefabAsset: {fileID: 0}
  m_GameObject: {fileID: 1098321937}
  m_LocalRotation: {x: -0, y: -0, z: -0, w: 1}
  m_LocalPosition: {x: 0, y: 0, z: 0}
  m_LocalScale: {x: 1, y: 1, z: 1}
  m_Children: []
  m_Father: {fileID: 6593724506546835674}
  m_RootOrder: 0
  m_LocalEulerAnglesHint: {x: 0, y: 0, z: 0}
  m_AnchorMin: {x: 0, y: 0}
  m_AnchorMax: {x: 1, y: 1}
  m_AnchoredPosition: {x: 0, y: 0}
  m_SizeDelta: {x: -509.43896, y: -996.3301}
  m_Pivot: {x: 0.5, y: 0.5}
--- !u!114 &1098321941
MonoBehaviour:
  m_ObjectHideFlags: 0
  m_CorrespondingSourceObject: {fileID: 0}
  m_PrefabInstance: {fileID: 0}
  m_PrefabAsset: {fileID: 0}
  m_GameObject: {fileID: 1098321937}
  m_Enabled: 1
  m_EditorHideFlags: 0
  m_Script: {fileID: 11500000, guid: e6adc2143d9959d4db5fa42551bf63c4, type: 3}
  m_Name: 
  m_EditorClassIdentifier: 
  Play: 0
  OnDragChanged:
    m_PersistentCalls:
      m_Calls:
      - m_Target: {fileID: 0}
        m_MethodName: OnInputChange
        m_Mode: 0
        m_Arguments:
          m_ObjectArgument: {fileID: 0}
          m_ObjectArgumentAssemblyTypeName: UnityEngine.Object, UnityEngine
          m_IntArgument: 0
          m_FloatArgument: 0
          m_StringArgument: 
          m_BoolArgument: 0
        m_CallState: 2
--- !u!222 &1098321940
CanvasRenderer:
  m_ObjectHideFlags: 0
  m_CorrespondingSourceObject: {fileID: 0}
  m_PrefabInstance: {fileID: 0}
  m_PrefabAsset: {fileID: 0}
  m_GameObject: {fileID: 1098321937}
  m_CullTransparentMesh: 0
--- !u!114 &1098321939
MonoBehaviour:
  m_ObjectHideFlags: 0
  m_CorrespondingSourceObject: {fileID: 0}
  m_PrefabInstance: {fileID: 0}
  m_PrefabAsset: {fileID: 0}
  m_GameObject: {fileID: 1098321937}
  m_Enabled: 1
  m_EditorHideFlags: 0
  m_Script: {fileID: 11500000, guid: fe87c0e1cc204ed48ad3b37840f39efc, type: 3}
  m_Name: 
  m_EditorClassIdentifier: 
  m_Material: {fileID: 0}
  m_Color: {r: 1, g: 1, b: 1, a: 0}
  m_RaycastTarget: 1
  m_Maskable: 1
  m_OnCullStateChanged:
    m_PersistentCalls:
      m_Calls: []
  m_Sprite: {fileID: 0}
  m_Type: 0
  m_PreserveAspect: 0
  m_FillCenter: 1
  m_FillMethod: 4
  m_FillAmount: 1
  m_FillClockwise: 1
  m_FillOrigin: 0
  m_UseSpriteMesh: 0
  m_PixelsPerUnitMultiplier: 1
--- !u!1 &9069926907223996397
GameObject:
  m_ObjectHideFlags: 0
  m_CorrespondingSourceObject: {fileID: 0}
  m_PrefabInstance: {fileID: 0}
  m_PrefabAsset: {fileID: 0}
  serializedVersion: 6
  m_Component:
  - component: {fileID: 6593724506546835674}
  - component: {fileID: 7207274803150035405}
  - component: {fileID: 4601382341555369533}
  - component: {fileID: 536545857663233871}
  m_Layer: 5
  m_Name: MainCanvas
  m_TagString: Untagged
  m_Icon: {fileID: 0}
  m_NavMeshLayer: 0
  m_StaticEditorFlags: 0
  m_IsActive: 1
--- !u!224 &6593724506546835674
RectTransform:
  m_ObjectHideFlags: 0
  m_CorrespondingSourceObject: {fileID: 0}
  m_PrefabInstance: {fileID: 0}
  m_PrefabAsset: {fileID: 0}
  m_GameObject: {fileID: 9069926907223996397}
  m_LocalRotation: {x: 0, y: 0, z: 0, w: 1}
  m_LocalPosition: {x: 0, y: 0, z: 0}
  m_LocalScale: {x: 0, y: 0, z: 0}
  m_Children:
  - {fileID: 1098321938}
  - {fileID: 558332351684484607}
  - {fileID: 875041813001093198}
  - {fileID: 3816313595542338205}
  - {fileID: 7718047283776431374}
  - {fileID: 5576770975150428175}
  m_Father: {fileID: 0}
  m_RootOrder: 0
  m_LocalEulerAnglesHint: {x: 0, y: 0, z: 0}
  m_AnchorMin: {x: 0, y: 0}
  m_AnchorMax: {x: 0, y: 0}
  m_AnchoredPosition: {x: 0, y: 0}
  m_SizeDelta: {x: 0, y: 0}
  m_Pivot: {x: 0, y: 0}
--- !u!223 &7207274803150035405
Canvas:
  m_ObjectHideFlags: 0
  m_CorrespondingSourceObject: {fileID: 0}
  m_PrefabInstance: {fileID: 0}
  m_PrefabAsset: {fileID: 0}
  m_GameObject: {fileID: 9069926907223996397}
  m_Enabled: 1
  serializedVersion: 3
  m_RenderMode: 0
  m_Camera: {fileID: 0}
  m_PlaneDistance: 100
  m_PixelPerfect: 0
  m_ReceivesEvents: 1
  m_OverrideSorting: 0
  m_OverridePixelPerfect: 0
  m_SortingBucketNormalizedSize: 0
  m_AdditionalShaderChannelsFlag: 25
  m_SortingLayerID: 0
  m_SortingOrder: 0
  m_TargetDisplay: 0
--- !u!114 &4601382341555369533
MonoBehaviour:
  m_ObjectHideFlags: 0
  m_CorrespondingSourceObject: {fileID: 0}
  m_PrefabInstance: {fileID: 0}
  m_PrefabAsset: {fileID: 0}
  m_GameObject: {fileID: 9069926907223996397}
  m_Enabled: 1
  m_EditorHideFlags: 0
  m_Script: {fileID: 11500000, guid: 0cd44c1031e13a943bb63640046fad76, type: 3}
  m_Name: 
  m_EditorClassIdentifier: 
  m_UiScaleMode: 1
  m_ReferencePixelsPerUnit: 100
  m_ScaleFactor: 1
  m_ReferenceResolution: {x: 1920, y: 1080}
  m_ScreenMatchMode: 0
  m_MatchWidthOrHeight: 0
  m_PhysicalUnit: 3
  m_FallbackScreenDPI: 96
  m_DefaultSpriteDPI: 96
  m_DynamicPixelsPerUnit: 1
--- !u!114 &536545857663233871
MonoBehaviour:
  m_ObjectHideFlags: 0
  m_CorrespondingSourceObject: {fileID: 0}
  m_PrefabInstance: {fileID: 0}
  m_PrefabAsset: {fileID: 0}
  m_GameObject: {fileID: 9069926907223996397}
  m_Enabled: 1
  m_EditorHideFlags: 0
  m_Script: {fileID: 11500000, guid: dc42784cf147c0c48a680349fa168899, type: 3}
  m_Name: 
  m_EditorClassIdentifier: 
  m_IgnoreReversedGraphics: 1
  m_BlockingObjects: 0
  m_BlockingMask:
    serializedVersion: 2
    m_Bits: 4294967295
--- !u!1001 &4201309679298762005
PrefabInstance:
  m_ObjectHideFlags: 0
  serializedVersion: 2
  m_Modification:
    m_TransformParent: {fileID: 6593724506546835674}
    m_Modifications:
    - target: {fileID: 5859763623108997147, guid: ac023a1b90dad29439b5d3d844b2c0c0,
        type: 3}
      propertyPath: m_LocalPosition.x
      value: 0
      objectReference: {fileID: 0}
    - target: {fileID: 5859763623108997147, guid: ac023a1b90dad29439b5d3d844b2c0c0,
        type: 3}
      propertyPath: m_LocalPosition.y
      value: 0
      objectReference: {fileID: 0}
    - target: {fileID: 5859763623108997147, guid: ac023a1b90dad29439b5d3d844b2c0c0,
        type: 3}
      propertyPath: m_LocalPosition.z
      value: 0
      objectReference: {fileID: 0}
    - target: {fileID: 5859763623108997147, guid: ac023a1b90dad29439b5d3d844b2c0c0,
        type: 3}
      propertyPath: m_LocalRotation.x
      value: 0
      objectReference: {fileID: 0}
    - target: {fileID: 5859763623108997147, guid: ac023a1b90dad29439b5d3d844b2c0c0,
        type: 3}
      propertyPath: m_LocalRotation.y
      value: 0
      objectReference: {fileID: 0}
    - target: {fileID: 5859763623108997147, guid: ac023a1b90dad29439b5d3d844b2c0c0,
        type: 3}
      propertyPath: m_LocalRotation.z
      value: 0
      objectReference: {fileID: 0}
    - target: {fileID: 5859763623108997147, guid: ac023a1b90dad29439b5d3d844b2c0c0,
        type: 3}
      propertyPath: m_LocalRotation.w
      value: 1
      objectReference: {fileID: 0}
    - target: {fileID: 5859763623108997147, guid: ac023a1b90dad29439b5d3d844b2c0c0,
        type: 3}
      propertyPath: m_RootOrder
      value: 4
      objectReference: {fileID: 0}
    - target: {fileID: 5859763623108997147, guid: ac023a1b90dad29439b5d3d844b2c0c0,
        type: 3}
      propertyPath: m_LocalEulerAnglesHint.x
      value: 0
      objectReference: {fileID: 0}
    - target: {fileID: 5859763623108997147, guid: ac023a1b90dad29439b5d3d844b2c0c0,
        type: 3}
      propertyPath: m_LocalEulerAnglesHint.y
      value: 0
      objectReference: {fileID: 0}
    - target: {fileID: 5859763623108997147, guid: ac023a1b90dad29439b5d3d844b2c0c0,
        type: 3}
      propertyPath: m_LocalEulerAnglesHint.z
      value: 0
      objectReference: {fileID: 0}
    - target: {fileID: 5859763623108997147, guid: ac023a1b90dad29439b5d3d844b2c0c0,
        type: 3}
      propertyPath: m_AnchoredPosition.x
      value: 0
      objectReference: {fileID: 0}
    - target: {fileID: 5859763623108997147, guid: ac023a1b90dad29439b5d3d844b2c0c0,
        type: 3}
      propertyPath: m_AnchoredPosition.y
      value: 7.7
      objectReference: {fileID: 0}
    - target: {fileID: 5859763623108997147, guid: ac023a1b90dad29439b5d3d844b2c0c0,
        type: 3}
      propertyPath: m_SizeDelta.x
      value: 1410.5608
      objectReference: {fileID: 0}
    - target: {fileID: 5859763623108997147, guid: ac023a1b90dad29439b5d3d844b2c0c0,
        type: 3}
      propertyPath: m_SizeDelta.y
      value: 1000
      objectReference: {fileID: 0}
    - target: {fileID: 5859763623108997147, guid: ac023a1b90dad29439b5d3d844b2c0c0,
        type: 3}
      propertyPath: m_AnchorMin.x
      value: 0.5
      objectReference: {fileID: 0}
    - target: {fileID: 5859763623108997147, guid: ac023a1b90dad29439b5d3d844b2c0c0,
        type: 3}
      propertyPath: m_AnchorMin.y
      value: 0.5
      objectReference: {fileID: 0}
    - target: {fileID: 5859763623108997147, guid: ac023a1b90dad29439b5d3d844b2c0c0,
        type: 3}
      propertyPath: m_AnchorMax.x
      value: 0.5
      objectReference: {fileID: 0}
    - target: {fileID: 5859763623108997147, guid: ac023a1b90dad29439b5d3d844b2c0c0,
        type: 3}
      propertyPath: m_AnchorMax.y
      value: 0.5
      objectReference: {fileID: 0}
    - target: {fileID: 5859763623108997147, guid: ac023a1b90dad29439b5d3d844b2c0c0,
        type: 3}
      propertyPath: m_Pivot.x
      value: 0.5
      objectReference: {fileID: 0}
    - target: {fileID: 5859763623108997147, guid: ac023a1b90dad29439b5d3d844b2c0c0,
        type: 3}
      propertyPath: m_Pivot.y
      value: 0.5
      objectReference: {fileID: 0}
    - target: {fileID: 6949729973451047469, guid: ac023a1b90dad29439b5d3d844b2c0c0,
        type: 3}
      propertyPath: m_Name
      value: ADSPurchase
      objectReference: {fileID: 0}
    m_RemovedComponents: []
  m_SourcePrefab: {fileID: 100100000, guid: ac023a1b90dad29439b5d3d844b2c0c0, type: 3}
--- !u!224 &7718047283776431374 stripped
RectTransform:
  m_CorrespondingSourceObject: {fileID: 5859763623108997147, guid: ac023a1b90dad29439b5d3d844b2c0c0,
    type: 3}
  m_PrefabInstance: {fileID: 4201309679298762005}
  m_PrefabAsset: {fileID: 0}
--- !u!1001 &4433480745050305519
PrefabInstance:
  m_ObjectHideFlags: 0
  serializedVersion: 2
  m_Modification:
    m_TransformParent: {fileID: 6593724506546835674}
    m_Modifications:
    - target: {fileID: 2356315836006054156, guid: 311999f61f7d8c64cb26758fa4d1c78a,
        type: 3}
      propertyPath: m_AnchoredPosition.y
      value: 15.600098
      objectReference: {fileID: 0}
    - target: {fileID: 4488003270325898109, guid: 311999f61f7d8c64cb26758fa4d1c78a,
        type: 3}
      propertyPath: m_Name
      value: ShopScreen
      objectReference: {fileID: 0}
    - target: {fileID: 4488003270325898109, guid: 311999f61f7d8c64cb26758fa4d1c78a,
        type: 3}
      propertyPath: m_IsActive
      value: 0
      objectReference: {fileID: 0}
    - target: {fileID: 8134143698294088672, guid: 311999f61f7d8c64cb26758fa4d1c78a,
        type: 3}
      propertyPath: m_LocalPosition.x
      value: 0
      objectReference: {fileID: 0}
    - target: {fileID: 8134143698294088672, guid: 311999f61f7d8c64cb26758fa4d1c78a,
        type: 3}
      propertyPath: m_LocalPosition.y
      value: 0
      objectReference: {fileID: 0}
    - target: {fileID: 8134143698294088672, guid: 311999f61f7d8c64cb26758fa4d1c78a,
        type: 3}
      propertyPath: m_LocalPosition.z
      value: 0
      objectReference: {fileID: 0}
    - target: {fileID: 8134143698294088672, guid: 311999f61f7d8c64cb26758fa4d1c78a,
        type: 3}
      propertyPath: m_LocalRotation.x
      value: 0
      objectReference: {fileID: 0}
    - target: {fileID: 8134143698294088672, guid: 311999f61f7d8c64cb26758fa4d1c78a,
        type: 3}
      propertyPath: m_LocalRotation.y
      value: 0
      objectReference: {fileID: 0}
    - target: {fileID: 8134143698294088672, guid: 311999f61f7d8c64cb26758fa4d1c78a,
        type: 3}
      propertyPath: m_LocalRotation.z
      value: 0
      objectReference: {fileID: 0}
    - target: {fileID: 8134143698294088672, guid: 311999f61f7d8c64cb26758fa4d1c78a,
        type: 3}
      propertyPath: m_LocalRotation.w
      value: 1
      objectReference: {fileID: 0}
    - target: {fileID: 8134143698294088672, guid: 311999f61f7d8c64cb26758fa4d1c78a,
        type: 3}
      propertyPath: m_RootOrder
      value: 5
      objectReference: {fileID: 0}
    - target: {fileID: 8134143698294088672, guid: 311999f61f7d8c64cb26758fa4d1c78a,
        type: 3}
      propertyPath: m_LocalEulerAnglesHint.x
      value: 0
      objectReference: {fileID: 0}
    - target: {fileID: 8134143698294088672, guid: 311999f61f7d8c64cb26758fa4d1c78a,
        type: 3}
      propertyPath: m_LocalEulerAnglesHint.y
      value: 0
      objectReference: {fileID: 0}
    - target: {fileID: 8134143698294088672, guid: 311999f61f7d8c64cb26758fa4d1c78a,
        type: 3}
      propertyPath: m_LocalEulerAnglesHint.z
      value: 0
      objectReference: {fileID: 0}
    - target: {fileID: 8134143698294088672, guid: 311999f61f7d8c64cb26758fa4d1c78a,
        type: 3}
      propertyPath: m_AnchoredPosition.x
      value: 0
      objectReference: {fileID: 0}
    - target: {fileID: 8134143698294088672, guid: 311999f61f7d8c64cb26758fa4d1c78a,
        type: 3}
      propertyPath: m_AnchoredPosition.y
      value: -249.08
      objectReference: {fileID: 0}
    - target: {fileID: 8134143698294088672, guid: 311999f61f7d8c64cb26758fa4d1c78a,
        type: 3}
      propertyPath: m_SizeDelta.x
      value: 0
      objectReference: {fileID: 0}
    - target: {fileID: 8134143698294088672, guid: 311999f61f7d8c64cb26758fa4d1c78a,
        type: 3}
      propertyPath: m_SizeDelta.y
      value: -498.1648
      objectReference: {fileID: 0}
    - target: {fileID: 8134143698294088672, guid: 311999f61f7d8c64cb26758fa4d1c78a,
        type: 3}
      propertyPath: m_AnchorMin.x
      value: 0
      objectReference: {fileID: 0}
    - target: {fileID: 8134143698294088672, guid: 311999f61f7d8c64cb26758fa4d1c78a,
        type: 3}
      propertyPath: m_AnchorMin.y
      value: 0
      objectReference: {fileID: 0}
    - target: {fileID: 8134143698294088672, guid: 311999f61f7d8c64cb26758fa4d1c78a,
        type: 3}
      propertyPath: m_AnchorMax.x
      value: 1
      objectReference: {fileID: 0}
    - target: {fileID: 8134143698294088672, guid: 311999f61f7d8c64cb26758fa4d1c78a,
        type: 3}
      propertyPath: m_AnchorMax.y
      value: 1
      objectReference: {fileID: 0}
    - target: {fileID: 8134143698294088672, guid: 311999f61f7d8c64cb26758fa4d1c78a,
        type: 3}
      propertyPath: m_Pivot.x
      value: 0.5
      objectReference: {fileID: 0}
    - target: {fileID: 8134143698294088672, guid: 311999f61f7d8c64cb26758fa4d1c78a,
        type: 3}
      propertyPath: m_Pivot.y
      value: 0.5
      objectReference: {fileID: 0}
    m_RemovedComponents: []
  m_SourcePrefab: {fileID: 100100000, guid: 311999f61f7d8c64cb26758fa4d1c78a, type: 3}
--- !u!224 &5576770975150428175 stripped
RectTransform:
  m_CorrespondingSourceObject: {fileID: 8134143698294088672, guid: 311999f61f7d8c64cb26758fa4d1c78a,
    type: 3}
  m_PrefabInstance: {fileID: 4433480745050305519}
  m_PrefabAsset: {fileID: 0}
--- !u!1001 &5665162205477514139
PrefabInstance:
  m_ObjectHideFlags: 0
  serializedVersion: 2
  m_Modification:
    m_TransformParent: {fileID: 6593724506546835674}
    m_Modifications:
    - target: {fileID: 89161054477132976, guid: 22af536415ea5bb43a0211437e773e86,
        type: 3}
      propertyPath: m_SizeDelta.y
      value: 257.0807
      objectReference: {fileID: 0}
    - target: {fileID: 980901270463828894, guid: 22af536415ea5bb43a0211437e773e86,
        type: 3}
      propertyPath: m_fontColor.r
      value: 1
      objectReference: {fileID: 0}
    - target: {fileID: 980901270463828894, guid: 22af536415ea5bb43a0211437e773e86,
        type: 3}
      propertyPath: m_fontColor.g
      value: 1
      objectReference: {fileID: 0}
    - target: {fileID: 980901270463828894, guid: 22af536415ea5bb43a0211437e773e86,
        type: 3}
      propertyPath: m_fontColor.b
      value: 1
      objectReference: {fileID: 0}
    - target: {fileID: 980901270463828894, guid: 22af536415ea5bb43a0211437e773e86,
        type: 3}
      propertyPath: m_fontColor32.rgba
      value: 4294967295
      objectReference: {fileID: 0}
    - target: {fileID: 2473482126513884504, guid: 22af536415ea5bb43a0211437e773e86,
        type: 3}
      propertyPath: m_AnchoredPosition.x
      value: 41.69995
      objectReference: {fileID: 0}
    - target: {fileID: 3024120794857922511, guid: 22af536415ea5bb43a0211437e773e86,
        type: 3}
      propertyPath: m_fontColor.r
      value: 1
      objectReference: {fileID: 0}
    - target: {fileID: 3024120794857922511, guid: 22af536415ea5bb43a0211437e773e86,
        type: 3}
      propertyPath: m_fontColor.g
      value: 1
      objectReference: {fileID: 0}
    - target: {fileID: 3024120794857922511, guid: 22af536415ea5bb43a0211437e773e86,
        type: 3}
      propertyPath: m_fontColor.b
      value: 1
      objectReference: {fileID: 0}
    - target: {fileID: 3024120794857922511, guid: 22af536415ea5bb43a0211437e773e86,
        type: 3}
      propertyPath: m_fontColor32.rgba
      value: 4294967295
      objectReference: {fileID: 0}
    - target: {fileID: 3462191407940536993, guid: 22af536415ea5bb43a0211437e773e86,
        type: 3}
      propertyPath: m_Sprite
      value: 
      objectReference: {fileID: 21300000, guid: 966be606197166640a108ef53355eddf,
        type: 3}
    - target: {fileID: 3722832245103243313, guid: 22af536415ea5bb43a0211437e773e86,
        type: 3}
      propertyPath: m_Sprite
      value: 
      objectReference: {fileID: 21300000, guid: 6858abb4516aae344881bf286b3aac33,
        type: 3}
    - target: {fileID: 4578718252827322083, guid: 22af536415ea5bb43a0211437e773e86,
        type: 3}
      propertyPath: m_AnchoredPosition.x
      value: -0.013549805
      objectReference: {fileID: 0}
    - target: {fileID: 5062838776187915329, guid: 22af536415ea5bb43a0211437e773e86,
        type: 3}
      propertyPath: m_Sprite
      value: 
      objectReference: {fileID: 21300000, guid: 6858abb4516aae344881bf286b3aac33,
        type: 3}
    - target: {fileID: 5209869859064016153, guid: 22af536415ea5bb43a0211437e773e86,
        type: 3}
      propertyPath: m_fontColor.r
      value: 1
      objectReference: {fileID: 0}
    - target: {fileID: 5209869859064016153, guid: 22af536415ea5bb43a0211437e773e86,
        type: 3}
      propertyPath: m_fontColor.g
      value: 1
      objectReference: {fileID: 0}
    - target: {fileID: 5209869859064016153, guid: 22af536415ea5bb43a0211437e773e86,
        type: 3}
      propertyPath: m_fontColor.b
      value: 1
      objectReference: {fileID: 0}
    - target: {fileID: 5209869859064016153, guid: 22af536415ea5bb43a0211437e773e86,
        type: 3}
      propertyPath: m_fontColor32.rgba
      value: 4294967295
      objectReference: {fileID: 0}
    - target: {fileID: 5269540671877264996, guid: 22af536415ea5bb43a0211437e773e86,
        type: 3}
      propertyPath: m_LocalPosition.x
      value: 0
      objectReference: {fileID: 0}
    - target: {fileID: 5269540671877264996, guid: 22af536415ea5bb43a0211437e773e86,
        type: 3}
      propertyPath: m_LocalPosition.y
      value: 0
      objectReference: {fileID: 0}
    - target: {fileID: 5269540671877264996, guid: 22af536415ea5bb43a0211437e773e86,
        type: 3}
      propertyPath: m_LocalPosition.z
      value: 0
      objectReference: {fileID: 0}
    - target: {fileID: 5269540671877264996, guid: 22af536415ea5bb43a0211437e773e86,
        type: 3}
      propertyPath: m_LocalRotation.x
      value: 0
      objectReference: {fileID: 0}
    - target: {fileID: 5269540671877264996, guid: 22af536415ea5bb43a0211437e773e86,
        type: 3}
      propertyPath: m_LocalRotation.y
      value: 0
      objectReference: {fileID: 0}
    - target: {fileID: 5269540671877264996, guid: 22af536415ea5bb43a0211437e773e86,
        type: 3}
      propertyPath: m_LocalRotation.z
      value: 0
      objectReference: {fileID: 0}
    - target: {fileID: 5269540671877264996, guid: 22af536415ea5bb43a0211437e773e86,
        type: 3}
      propertyPath: m_LocalRotation.w
      value: 1
      objectReference: {fileID: 0}
    - target: {fileID: 5269540671877264996, guid: 22af536415ea5bb43a0211437e773e86,
        type: 3}
      propertyPath: m_RootOrder
      value: 1
      objectReference: {fileID: 0}
    - target: {fileID: 5269540671877264996, guid: 22af536415ea5bb43a0211437e773e86,
        type: 3}
      propertyPath: m_LocalEulerAnglesHint.x
      value: 0
      objectReference: {fileID: 0}
    - target: {fileID: 5269540671877264996, guid: 22af536415ea5bb43a0211437e773e86,
        type: 3}
      propertyPath: m_LocalEulerAnglesHint.y
      value: 0
      objectReference: {fileID: 0}
    - target: {fileID: 5269540671877264996, guid: 22af536415ea5bb43a0211437e773e86,
        type: 3}
      propertyPath: m_LocalEulerAnglesHint.z
      value: 0
      objectReference: {fileID: 0}
    - target: {fileID: 5269540671877264996, guid: 22af536415ea5bb43a0211437e773e86,
        type: 3}
      propertyPath: m_AnchoredPosition.x
      value: 0
      objectReference: {fileID: 0}
    - target: {fileID: 5269540671877264996, guid: 22af536415ea5bb43a0211437e773e86,
        type: 3}
      propertyPath: m_AnchoredPosition.y
      value: 0
      objectReference: {fileID: 0}
    - target: {fileID: 5269540671877264996, guid: 22af536415ea5bb43a0211437e773e86,
        type: 3}
      propertyPath: m_SizeDelta.x
      value: 0
      objectReference: {fileID: 0}
    - target: {fileID: 5269540671877264996, guid: 22af536415ea5bb43a0211437e773e86,
        type: 3}
      propertyPath: m_SizeDelta.y
      value: 0
      objectReference: {fileID: 0}
    - target: {fileID: 5269540671877264996, guid: 22af536415ea5bb43a0211437e773e86,
        type: 3}
      propertyPath: m_AnchorMin.x
      value: 0
      objectReference: {fileID: 0}
    - target: {fileID: 5269540671877264996, guid: 22af536415ea5bb43a0211437e773e86,
        type: 3}
      propertyPath: m_AnchorMin.y
      value: 0
      objectReference: {fileID: 0}
    - target: {fileID: 5269540671877264996, guid: 22af536415ea5bb43a0211437e773e86,
        type: 3}
      propertyPath: m_AnchorMax.x
      value: 1
      objectReference: {fileID: 0}
    - target: {fileID: 5269540671877264996, guid: 22af536415ea5bb43a0211437e773e86,
        type: 3}
      propertyPath: m_AnchorMax.y
      value: 1
      objectReference: {fileID: 0}
    - target: {fileID: 5269540671877264996, guid: 22af536415ea5bb43a0211437e773e86,
        type: 3}
      propertyPath: m_Pivot.x
      value: 0.5
      objectReference: {fileID: 0}
    - target: {fileID: 5269540671877264996, guid: 22af536415ea5bb43a0211437e773e86,
        type: 3}
      propertyPath: m_Pivot.y
      value: 0.5
      objectReference: {fileID: 0}
    - target: {fileID: 6067812107751607226, guid: 22af536415ea5bb43a0211437e773e86,
        type: 3}
      propertyPath: m_AnchoredPosition.y
      value: 0
      objectReference: {fileID: 0}
    - target: {fileID: 6067812107751607226, guid: 22af536415ea5bb43a0211437e773e86,
        type: 3}
      propertyPath: m_AnchoredPosition.x
      value: -21.098022
      objectReference: {fileID: 0}
    - target: {fileID: 6506374310360946349, guid: 22af536415ea5bb43a0211437e773e86,
        type: 3}
      propertyPath: m_AnchoredPosition.y
      value: 36.299805
      objectReference: {fileID: 0}
    - target: {fileID: 7347818948031965697, guid: 22af536415ea5bb43a0211437e773e86,
        type: 3}
      propertyPath: m_Name
      value: MenuScreen
      objectReference: {fileID: 0}
    - target: {fileID: 8628781299761868256, guid: 22af536415ea5bb43a0211437e773e86,
        type: 3}
      propertyPath: m_AnchoredPosition.x
      value: -21.400024
      objectReference: {fileID: 0}
    m_RemovedComponents: []
  m_SourcePrefab: {fileID: 100100000, guid: 22af536415ea5bb43a0211437e773e86, type: 3}
--- !u!224 &558332351684484607 stripped
RectTransform:
  m_CorrespondingSourceObject: {fileID: 5269540671877264996, guid: 22af536415ea5bb43a0211437e773e86,
    type: 3}
  m_PrefabInstance: {fileID: 5665162205477514139}
  m_PrefabAsset: {fileID: 0}
--- !u!1001 &5769271476626858131
PrefabInstance:
  m_ObjectHideFlags: 0
  serializedVersion: 2
  m_Modification:
    m_TransformParent: {fileID: 6593724506546835674}
    m_Modifications:
    - target: {fileID: 2125627170144106255, guid: e1c31f26b7023e5429ce331c2b255588,
        type: 3}
      propertyPath: m_Name
      value: FinalScreen
      objectReference: {fileID: 0}
    - target: {fileID: 2125627170144106255, guid: e1c31f26b7023e5429ce331c2b255588,
        type: 3}
      propertyPath: m_IsActive
      value: 0
      objectReference: {fileID: 0}
    - target: {fileID: 7270733022736439822, guid: e1c31f26b7023e5429ce331c2b255588,
        type: 3}
      propertyPath: m_LocalPosition.x
      value: 0
      objectReference: {fileID: 0}
    - target: {fileID: 7270733022736439822, guid: e1c31f26b7023e5429ce331c2b255588,
        type: 3}
      propertyPath: m_LocalPosition.y
      value: 0
      objectReference: {fileID: 0}
    - target: {fileID: 7270733022736439822, guid: e1c31f26b7023e5429ce331c2b255588,
        type: 3}
      propertyPath: m_LocalPosition.z
      value: 0
      objectReference: {fileID: 0}
    - target: {fileID: 7270733022736439822, guid: e1c31f26b7023e5429ce331c2b255588,
        type: 3}
      propertyPath: m_LocalRotation.x
      value: 0
      objectReference: {fileID: 0}
    - target: {fileID: 7270733022736439822, guid: e1c31f26b7023e5429ce331c2b255588,
        type: 3}
      propertyPath: m_LocalRotation.y
      value: 0
      objectReference: {fileID: 0}
    - target: {fileID: 7270733022736439822, guid: e1c31f26b7023e5429ce331c2b255588,
        type: 3}
      propertyPath: m_LocalRotation.z
      value: 0
      objectReference: {fileID: 0}
    - target: {fileID: 7270733022736439822, guid: e1c31f26b7023e5429ce331c2b255588,
        type: 3}
      propertyPath: m_LocalRotation.w
      value: 1
      objectReference: {fileID: 0}
    - target: {fileID: 7270733022736439822, guid: e1c31f26b7023e5429ce331c2b255588,
        type: 3}
      propertyPath: m_RootOrder
      value: 3
      objectReference: {fileID: 0}
    - target: {fileID: 7270733022736439822, guid: e1c31f26b7023e5429ce331c2b255588,
        type: 3}
      propertyPath: m_LocalEulerAnglesHint.x
      value: 0
      objectReference: {fileID: 0}
    - target: {fileID: 7270733022736439822, guid: e1c31f26b7023e5429ce331c2b255588,
        type: 3}
      propertyPath: m_LocalEulerAnglesHint.y
      value: 0
      objectReference: {fileID: 0}
    - target: {fileID: 7270733022736439822, guid: e1c31f26b7023e5429ce331c2b255588,
        type: 3}
      propertyPath: m_LocalEulerAnglesHint.z
      value: 0
      objectReference: {fileID: 0}
    - target: {fileID: 7270733022736439822, guid: e1c31f26b7023e5429ce331c2b255588,
        type: 3}
      propertyPath: m_AnchoredPosition.x
      value: 0
      objectReference: {fileID: 0}
    - target: {fileID: 7270733022736439822, guid: e1c31f26b7023e5429ce331c2b255588,
        type: 3}
      propertyPath: m_AnchoredPosition.y
      value: 0
      objectReference: {fileID: 0}
    - target: {fileID: 7270733022736439822, guid: e1c31f26b7023e5429ce331c2b255588,
        type: 3}
      propertyPath: m_SizeDelta.x
      value: 0
      objectReference: {fileID: 0}
    - target: {fileID: 7270733022736439822, guid: e1c31f26b7023e5429ce331c2b255588,
        type: 3}
      propertyPath: m_SizeDelta.y
      value: 0
      objectReference: {fileID: 0}
    - target: {fileID: 7270733022736439822, guid: e1c31f26b7023e5429ce331c2b255588,
        type: 3}
      propertyPath: m_AnchorMin.x
      value: 0
      objectReference: {fileID: 0}
    - target: {fileID: 7270733022736439822, guid: e1c31f26b7023e5429ce331c2b255588,
        type: 3}
      propertyPath: m_AnchorMin.y
      value: 0
      objectReference: {fileID: 0}
    - target: {fileID: 7270733022736439822, guid: e1c31f26b7023e5429ce331c2b255588,
        type: 3}
      propertyPath: m_AnchorMax.x
      value: 1
      objectReference: {fileID: 0}
    - target: {fileID: 7270733022736439822, guid: e1c31f26b7023e5429ce331c2b255588,
        type: 3}
      propertyPath: m_AnchorMax.y
      value: 1
      objectReference: {fileID: 0}
    - target: {fileID: 7270733022736439822, guid: e1c31f26b7023e5429ce331c2b255588,
        type: 3}
      propertyPath: m_Pivot.x
      value: 0.5
      objectReference: {fileID: 0}
    - target: {fileID: 7270733022736439822, guid: e1c31f26b7023e5429ce331c2b255588,
        type: 3}
      propertyPath: m_Pivot.y
      value: 0.5
      objectReference: {fileID: 0}
    m_RemovedComponents: []
  m_SourcePrefab: {fileID: 100100000, guid: e1c31f26b7023e5429ce331c2b255588, type: 3}
--- !u!224 &3816313595542338205 stripped
RectTransform:
  m_CorrespondingSourceObject: {fileID: 7270733022736439822, guid: e1c31f26b7023e5429ce331c2b255588,
    type: 3}
  m_PrefabInstance: {fileID: 5769271476626858131}
  m_PrefabAsset: {fileID: 0}
--- !u!1001 &6519076710188214683
PrefabInstance:
  m_ObjectHideFlags: 0
  serializedVersion: 2
  m_Modification:
    m_TransformParent: {fileID: 6593724506546835674}
    m_Modifications:
    - target: {fileID: 2448162424481023979, guid: 6b1ddc655b010e145ae1f18f864d187a,
        type: 3}
      propertyPath: m_AnchoredPosition.y
      value: -0.000091552734
      objectReference: {fileID: 0}
    - target: {fileID: 2792315809307285028, guid: 6b1ddc655b010e145ae1f18f864d187a,
        type: 3}
      propertyPath: m_AnchoredPosition.x
      value: 0
      objectReference: {fileID: 0}
    - target: {fileID: 3078095407071579784, guid: 6b1ddc655b010e145ae1f18f864d187a,
        type: 3}
      propertyPath: m_AnchoredPosition.x
      value: 4.5000305
      objectReference: {fileID: 0}
    - target: {fileID: 4852476496468766750, guid: 6b1ddc655b010e145ae1f18f864d187a,
        type: 3}
      propertyPath: m_Name
      value: LeaderBoard
      objectReference: {fileID: 0}
    - target: {fileID: 4852476496468766750, guid: 6b1ddc655b010e145ae1f18f864d187a,
        type: 3}
      propertyPath: m_IsActive
      value: 0
      objectReference: {fileID: 0}
    - target: {fileID: 6223038309103380949, guid: 6b1ddc655b010e145ae1f18f864d187a,
        type: 3}
      propertyPath: m_LocalPosition.x
      value: 0
      objectReference: {fileID: 0}
    - target: {fileID: 6223038309103380949, guid: 6b1ddc655b010e145ae1f18f864d187a,
        type: 3}
      propertyPath: m_LocalPosition.y
      value: 0
      objectReference: {fileID: 0}
    - target: {fileID: 6223038309103380949, guid: 6b1ddc655b010e145ae1f18f864d187a,
        type: 3}
      propertyPath: m_LocalPosition.z
      value: 0
      objectReference: {fileID: 0}
    - target: {fileID: 6223038309103380949, guid: 6b1ddc655b010e145ae1f18f864d187a,
        type: 3}
      propertyPath: m_LocalRotation.x
      value: 0
      objectReference: {fileID: 0}
    - target: {fileID: 6223038309103380949, guid: 6b1ddc655b010e145ae1f18f864d187a,
        type: 3}
      propertyPath: m_LocalRotation.y
      value: 0
      objectReference: {fileID: 0}
    - target: {fileID: 6223038309103380949, guid: 6b1ddc655b010e145ae1f18f864d187a,
        type: 3}
      propertyPath: m_LocalRotation.z
      value: 0
      objectReference: {fileID: 0}
    - target: {fileID: 6223038309103380949, guid: 6b1ddc655b010e145ae1f18f864d187a,
        type: 3}
      propertyPath: m_LocalRotation.w
      value: 1
      objectReference: {fileID: 0}
    - target: {fileID: 6223038309103380949, guid: 6b1ddc655b010e145ae1f18f864d187a,
        type: 3}
      propertyPath: m_RootOrder
      value: 2
      objectReference: {fileID: 0}
    - target: {fileID: 6223038309103380949, guid: 6b1ddc655b010e145ae1f18f864d187a,
        type: 3}
      propertyPath: m_LocalEulerAnglesHint.x
      value: 0
      objectReference: {fileID: 0}
    - target: {fileID: 6223038309103380949, guid: 6b1ddc655b010e145ae1f18f864d187a,
        type: 3}
      propertyPath: m_LocalEulerAnglesHint.y
      value: 0
      objectReference: {fileID: 0}
    - target: {fileID: 6223038309103380949, guid: 6b1ddc655b010e145ae1f18f864d187a,
        type: 3}
      propertyPath: m_LocalEulerAnglesHint.z
      value: 0
      objectReference: {fileID: 0}
    - target: {fileID: 6223038309103380949, guid: 6b1ddc655b010e145ae1f18f864d187a,
        type: 3}
      propertyPath: m_AnchoredPosition.x
      value: 0
      objectReference: {fileID: 0}
    - target: {fileID: 6223038309103380949, guid: 6b1ddc655b010e145ae1f18f864d187a,
        type: 3}
      propertyPath: m_AnchoredPosition.y
      value: -1.300293
      objectReference: {fileID: 0}
    - target: {fileID: 6223038309103380949, guid: 6b1ddc655b010e145ae1f18f864d187a,
        type: 3}
      propertyPath: m_SizeDelta.x
      value: 0
      objectReference: {fileID: 0}
    - target: {fileID: 6223038309103380949, guid: 6b1ddc655b010e145ae1f18f864d187a,
        type: 3}
      propertyPath: m_SizeDelta.y
      value: -2.5058594
      objectReference: {fileID: 0}
    - target: {fileID: 6223038309103380949, guid: 6b1ddc655b010e145ae1f18f864d187a,
        type: 3}
      propertyPath: m_AnchorMin.x
      value: 0
      objectReference: {fileID: 0}
    - target: {fileID: 6223038309103380949, guid: 6b1ddc655b010e145ae1f18f864d187a,
        type: 3}
      propertyPath: m_AnchorMin.y
      value: 0
      objectReference: {fileID: 0}
    - target: {fileID: 6223038309103380949, guid: 6b1ddc655b010e145ae1f18f864d187a,
        type: 3}
      propertyPath: m_AnchorMax.x
      value: 1
      objectReference: {fileID: 0}
    - target: {fileID: 6223038309103380949, guid: 6b1ddc655b010e145ae1f18f864d187a,
        type: 3}
      propertyPath: m_AnchorMax.y
      value: 0.866211
      objectReference: {fileID: 0}
    - target: {fileID: 6223038309103380949, guid: 6b1ddc655b010e145ae1f18f864d187a,
        type: 3}
      propertyPath: m_Pivot.x
      value: 0.5
      objectReference: {fileID: 0}
    - target: {fileID: 6223038309103380949, guid: 6b1ddc655b010e145ae1f18f864d187a,
        type: 3}
      propertyPath: m_Pivot.y
      value: 0.5
      objectReference: {fileID: 0}
    m_RemovedComponents: []
  m_SourcePrefab: {fileID: 100100000, guid: 6b1ddc655b010e145ae1f18f864d187a, type: 3}
--- !u!224 &875041813001093198 stripped
RectTransform:
  m_CorrespondingSourceObject: {fileID: 6223038309103380949, guid: 6b1ddc655b010e145ae1f18f864d187a,
    type: 3}
  m_PrefabInstance: {fileID: 6519076710188214683}
  m_PrefabAsset: {fileID: 0}
